%Bibliografia



@article {sudakov,
    AUTHOR = {Das, Shagnik and Huang, Hao and Ma, Jie and Naves, Humberto
              and Sudakov, Benny},
     TITLE = {A problem of {E}rd{\H o}s on the minimum number of
              {$k$}-cliques},
   JOURNAL = {J. Combin. Theory Ser. B},
  FJOURNAL = {Journal of Combinatorial Theory. Series B},
    VOLUME = {103},
      YEAR = {2013},
    NUMBER = {3},
     PAGES = {344--373},
      ISSN = {0095-8956},
     CODEN = {JCBTB8},
   MRCLASS = {05C35 (05C69)},
  MRNUMBER = {3048160},
       DOI = {10.1016/j.jctb.2013.02.003},
       URL = {http://dx.doi.org/10.1016/j.jctb.2013.02.003},
}


@article {razborov,
    AUTHOR = {Razborov, Alexander A.},
     TITLE = {Flag algebras},
   JOURNAL = {J. Symbolic Logic},
  FJOURNAL = {Journal of Symbolic Logic},
    VOLUME = {72},
      YEAR = {2007},
    NUMBER = {4},
     PAGES = {1239--1282},
      ISSN = {0022-4812},
     CODEN = {JSYLA6},
   MRCLASS = {03C13},
  MRNUMBER = {2371204 (2008j:03040)},
MRREVIEWER = {Manuel Bodirsky},
       DOI = {10.2178/jsl/1203350785},
       URL = {http://dx.doi.org/10.2178/jsl/1203350785},
}
